<?xml version="1.0" encoding="UTF-8"?><collection xmlns="http://www.loc.gov/MARC21/slim"><record><leader>00520nam--2200181-i-4500</leader><controlfield tag="001">000042757</controlfield><controlfield tag="002">20161230</controlfield><controlfield tag="005">20161230201043</controlfield><controlfield tag="008">060222s1000------------r-----000-0-rus-d</controlfield><datafield ind1=" " ind2=" " tag="040"><subfield code="a">IFIN-HH</subfield></datafield><datafield ind1=" " ind2=" " tag="041"><subfield code="a">rus</subfield></datafield><datafield ind1=" " ind2=" " tag="080"><subfield code="a">539.1:681.5(061.3)</subfield></datafield><datafield ind1="1" ind2=" " tag="110"><subfield code="a">Institut Iadernih Issledovanii Ussr</subfield></datafield><datafield ind1="1" ind2="0" tag="245"><subfield code="a">I vsecoyuznoe sovesanie po avtomatizatii naucinih issledovanii v iadernoi fizike</subfield><subfield code="b">Kiev, 12-14 oktiabria 1976 g</subfield></datafield><datafield ind1=" " ind2=" " tag="260"><subfield code="a">Kiev</subfield><subfield code="c">1976</subfield></datafield><datafield ind1=" " ind2=" " tag="300"><subfield code="a">288P</subfield></datafield><datafield ind1=" " ind2=" " tag="852"><subfield code="a">45974</subfield><subfield code="c">539</subfield></datafield><datafield ind1=" " ind2=" " tag="CAT"><subfield code="a">Sys</subfield><subfield code="c">20111011</subfield><subfield code="h">135657</subfield></datafield></record></collection>